<record><leader>00000cas a22000007a 4500</leader><controlfield tag="001">10252989</controlfield><controlfield tag="008">831228d18541883njuwr ne      0    0eng d</controlfield><datafield ind1=" " ind2=" " tag="010"><subfield code="a">sn 83032317 </subfield></datafield><datafield ind1=" " ind2=" " tag="040"><subfield code="a">NPU</subfield><subfield code="b">eng</subfield><subfield code="c">NPU</subfield><subfield code="d">NJW</subfield><subfield code="d">DLC</subfield><subfield code="d">NJW</subfield><subfield code="d">KRTAS</subfield><subfield code="d">OCLCQ</subfield></datafield><datafield ind1=" " ind2=" " tag="042"><subfield code="a">msc</subfield></datafield><datafield ind1="0" ind2="4" tag="245"><subfield code="a">The Hudson County Democrat.</subfield></datafield><datafield ind1=" " ind2=" " tag="260"><subfield code="a">Hoboken, N.J. :</subfield><subfield code="b">A.O. Evans</subfield></datafield><datafield ind1=" " ind2=" " tag="300"><subfield code="a">v. ;</subfield><subfield code="c">66 cm.</subfield></datafield><datafield ind1=" " ind2=" " tag="310"><subfield code="a">Weekly</subfield></datafield><datafield ind1="1" ind2=" " tag="362"><subfield code="a">Began in Sept. 1854; ceased with June 2, 1883 issue.</subfield></datafield><datafield ind1=" " ind2=" " tag="525"><subfield code="a">Issue for May 10, 1873 has a supplement.</subfield></datafield><datafield ind1=" " ind2=" " tag="530"><subfield code="a">Also issued on microfilm as part of the Civil War newspapers collection.</subfield></datafield><datafield ind1=" " ind2=" " tag="588"><subfield code="a">Description based on: Vol. 5, no. 1 (Oct. 11, 1856).</subfield></datafield><datafield ind1=" " ind2=" " tag="752"><subfield code="a">United States</subfield><subfield code="b">New Jersey</subfield><subfield code="c">Hudson</subfield><subfield code="d">Hoboken.</subfield></datafield><datafield ind1="0" ind2=" " tag="775"><subfield code="t">Hudson County Daily democrat</subfield><subfield code="w">(DLC)sn 83032318</subfield><subfield code="w">(OCoLC)10253024</subfield></datafield><datafield ind1="0" ind2="7" tag="785"><subfield code="t">Hoboken advertiser</subfield><subfield code="w">(DLC)sn 88071304</subfield></datafield><datafield ind1="0" ind2="7" tag="785"><subfield code="t">Hudson County Democrat-advertiser</subfield><subfield code="w">(DLC)sn 87068084</subfield><subfield code="w">(OCoLC)15671812</subfield></datafield><datafield ind1=" " ind2=" " tag="938"><subfield code="a">Kirtas Technologies, Inc.</subfield><subfield code="b">KRTS</subfield><subfield code="n">737995</subfield></datafield><datafield ind1="1" ind2=" " tag="029"><subfield code="a">AU@</subfield><subfield code="b">000025836522</subfield></datafield></record>